@article{2nd_order,
  title={Differentially Private Image Classification from Features},
  author={Harsh Mehta and Walid Krichene and Abhradeep Thakurta and Alexey Kurakin and Ashok Cutkosky},
  journal={ArXiv},
  year={2022},
  volume={abs/2211.13403}
}

@article{dpmi,
  title={Differentially Private Generative Adversarial Networks with Model Inversion},
  author={Dongjie Chen and Sen-Ching Samson Cheung and Chen-Nee Chuah and Sally Ozonoff},
  journal={2021 IEEE International Workshop on Information Forensics and Security (WIFS)},
  year={2021},
  pages={1-6}
}

@article{dpgan,
  title={Differentially Private Generative Adversarial Network},
  author={Liyang Xie and Kaixiang Lin and Shu Wang and Fei Wang and Jiayu Zhou},
  journal={ArXiv},
  year={2018},
  volume={abs/1802.06739}
}

@article{mi_attack_gan,
  title={Evaluating Differentially Private Generative Adversarial Networks Over Membership Inference Attack},
  author={Cheolhee Park and Youngsoo Kim and Jong-Geun Park and Dowon Hong and Changho Seo},
  journal={IEEE Access},
  year={2021},
  volume={9},
  pages={167412-167425}
}

@inproceedings{survey_dpgan,
  title={A Survey of Differentially Private Generative Adversarial Networks},
  author={Liyue Fan},
  year={2020}
}

@article{dp_gen,
  title={Differentially Private Data Generative Models},
  author={Qingrong Chen and Chong Xiang and Minhui Xue and Bo Li and Nikita Borisov and Dali Kaafar and Haojin Zhu},
  journal={ArXiv},
  year={2018},
  volume={abs/1812.02274}
}

@article{mi_attack,
  title={Membership Inference Attacks Against Machine Learning Models},
  author={R. Shokri and Marco Stronati and Congzheng Song and Vitaly Shmatikov},
  journal={2017 IEEE Symposium on Security and Privacy (SP)},
  year={2016},
  pages={3-18}
}

@article{transfer,
  title={Large Scale Transfer Learning for Differentially Private Image Classification},
  author={Harsh Mehta and Abhradeep Thakurta and Alexey Kurakin and Ashok Cutkosky},
  journal={ArXiv},
  year={2022},
  volume={abs/2205.02973}
}

@inproceedings{sig,
  title={Tempered Sigmoid Activations for Deep Learning with Differential Privacy},
  author={Nicolas Papernot and Abhradeep Thakurta and Shuang Song and Steve Chien and {\'U}lfar Erlingsson},
  booktitle={AAAI Conference on Artificial Intelligence},
  year={2020}
}

@article{dpsgd,
  title={Deep Learning with Differential Privacy},
  author={Mart{\'i}n Abadi and Andy Chu and Ian J. Goodfellow and H. B. McMahan and Ilya Mironov and Kunal Talwar and Li Zhang},
  journal={Proceedings of the 2016 ACM SIGSAC Conference on Computer and Communications Security},
  year={2016}
}

@article{opacus,
  title={Opacus: {U}ser-Friendly Differential Privacy Library in {PyTorch}},
  author={Ashkan Yousefpour and Igor Shilov and Alexandre Sablayrolles and Davide Testuggine and Karthik Prasad and Mani Malek and John Nguyen and Sayan Ghosh and Akash Bharadwaj and Jessica Zhao and Graham Cormode and Ilya Mironov},
  journal={arXiv preprint arXiv:2109.12298},
  year={2021}
}

@article{pate,
  title={Semi-supervised Knowledge Transfer for Deep Learning from Private Training Data},
  author={Nicolas Papernot and Mart{\'i}n Abadi and {\'U}lfar Erlingsson and Ian J. Goodfellow and Kunal Talwar},
  journal={ArXiv},
  year={2016},
  volume={abs/1610.05755}
}

@article{scatter,
  title={Deep roto-translation scattering for object classification},
  author={Edouard Oyallon and St{\'e}phane Mallat},
  journal={2015 IEEE Conference on Computer Vision and Pattern Recognition (CVPR)},
  year={2014},
  pages={2865-2873}
}

@article{features,
  title={Differentially Private Learning Needs Better Features (or Much More Data)},
  author={Florian Tram{\`e}r and Dan Boneh},
  journal={ArXiv},
  year={2020},
  volume={abs/2011.11660}
}

@article{wgan,
  title={Wasserstein GAN},
  author={Mart{\'i}n Arjovsky and Soumith Chintala and L{\'e}on Bottou},
  journal={ArXiv},
  year={2017},
  volume={abs/1701.07875}
}

@misc{gan,
      title={Generative Adversarial Networks}, 
      author={Ian J. Goodfellow and Jean Pouget-Abadie and Mehdi Mirza and Bing Xu and David Warde-Farley and Sherjil Ozair and Aaron Courville and Yoshua Bengio},
      year={2014},
      eprint={1406.2661},
      archivePrefix={arXiv},
      primaryClass={stat.ML}
}

@article{stable_gan,
  title={Stabilizing GAN Training with Multiple Random Projections},
  author={Behnam Neyshabur and Srinadh Bhojanapalli and Ayan Chakrabarti},
  journal={ArXiv},
  year={2017},
  volume={abs/1705.07831}
}

@inproceedings{improved_wgan,
  title={Improved Training of Wasserstein GANs},
  author={Ishaan Gulrajani and Faruk Ahmed and Mart{\'i}n Arjovsky and Vincent Dumoulin and Aaron C. Courville},
  booktitle={NIPS},
  year={2017}
}

@misc{vae,
      title={Auto-Encoding Variational Bayes}, 
      author={Diederik P Kingma and Max Welling},
      year={2022},
      eprint={1312.6114},
      archivePrefix={arXiv},
      primaryClass={stat.ML}
}

@misc{IS,
      title={Improved Techniques for Training GANs}, 
      author={Tim Salimans and Ian Goodfellow and Wojciech Zaremba and Vicki Cheung and Alec Radford and Xi Chen},
      year={2016},
      eprint={1606.03498},
      archivePrefix={arXiv},
      primaryClass={cs.LG}
}

@misc{FID,
      title={GANs Trained by a Two Time-Scale Update Rule Converge to a Local Nash Equilibrium}, 
      author={Martin Heusel and Hubert Ramsauer and Thomas Unterthiner and Bernhard Nessler and Sepp Hochreiter},
      year={2018},
      eprint={1706.08500},
      archivePrefix={arXiv},
      primaryClass={cs.LG}
}

@inproceedings{collab,
  title={Privacy-preserving deep learning},
  author={Shokri, Reza and Shmatikov, Vitaly},
  booktitle={Proceedings of the 22nd ACM SIGSAC conference on computer and communications security},
  pages={1310--1321},
  year={2015}
}

@misc{collab_attack,
      title={Deep Models Under the GAN: Information Leakage from Collaborative Deep Learning}, 
      author={Briland Hitaj and Giuseppe Ateniese and Fernando Perez-Cruz},
      year={2017},
      eprint={1702.07464},
      archivePrefix={arXiv},
      primaryClass={cs.CR}
}